%% This BibTeX bibliography file was created using BibDesk.
%% http://bibdesk.sourceforge.net/


%% Created for Victor Lassance Oliveira e Silva at 2013-09-26 00:35:43 -0300 


%% Saved with string encoding Unicode (UTF-8) 



@book{intro-compiladores,
	Author = {Jo{\~a}o Jos{\'e} Neto},
	Date-Added = {2013-09-26 03:32:58 +0000},
	Date-Modified = {2013-09-26 03:35:43 +0000},
	Publisher = {LTC},
	Series = {ENGENHARIA DE COMPUTA{\c C}{\~A}O},
	Title = {Introdu{\c c}{\~a}o {\`a} Compila{\c c}{\~a}o},
	Year = {1987}}

@book{alfred1986compilers,
  title={{Compilers: principles, techniques and tools}},
  author={Alfred, V. and Sethi, R. and Jeffrey, D.U.},
  year={1986},
  publisher={Addison-Wesley}
}
